<record><leader>00000cas a22000007a 4500</leader><controlfield tag="001">20082420</controlfield><controlfield tag="008">890728d18781881gauwr ne      0    0eng d</controlfield><datafield ind1=" " ind2=" " tag="010"><subfield code="a">sn 89053704 </subfield></datafield><datafield ind1=" " ind2=" " tag="040"><subfield code="a">NLG</subfield><subfield code="b">eng</subfield><subfield code="c">NLG</subfield><subfield code="d">DLC</subfield><subfield code="d">GUA</subfield><subfield code="d">OCLCF</subfield><subfield code="d">OCLCO</subfield></datafield><datafield ind1="1" ind2=" " tag="029"><subfield code="a">AU@</subfield><subfield code="b">000025476623</subfield></datafield><datafield ind1=" " ind2=" " tag="042"><subfield code="a">msc</subfield></datafield><datafield ind1=" " ind2=" " tag="043"><subfield code="a">n-us-ga</subfield></datafield><datafield ind1="0" ind2="0" tag="050"><subfield code="a">Newspaper 7488-X</subfield></datafield><datafield ind1="0" ind2=" " tag="130"><subfield code="a">Atlanta weekly constitution (Atlanta, Ga. : 1878)</subfield></datafield><datafield ind1="0" ind2="0" tag="245"><subfield code="a">Atlanta weekly constitution.</subfield></datafield><datafield ind1=" " ind2=" " tag="260"><subfield code="a">Atlanta, Ga. :</subfield><subfield code="b">[s.n.],</subfield><subfield code="c">[1878-1881].</subfield></datafield><datafield ind1=" " ind2=" " tag="300"><subfield code="a">v.</subfield></datafield><datafield ind1=" " ind2=" " tag="310"><subfield code="a">Weekly</subfield></datafield><datafield ind1="0" ind2=" " tag="362"><subfield code="a">Vol. 11, no. 17 (Oct. 15, 1878)-v. 14, no. 14 (Sept. 6, 1881).</subfield></datafield><datafield ind1=" " ind2="0" tag="651"><subfield code="a">Atlanta (Ga.)</subfield><subfield code="v">Newspapers.</subfield></datafield><datafield ind1=" " ind2="0" tag="651"><subfield code="a">Fulton County (Ga.)</subfield><subfield code="v">Newspapers.</subfield></datafield><datafield ind1=" " ind2="7" tag="655"><subfield code="a">Newspapers.</subfield><subfield code="2">fast</subfield><subfield code="0">(OCoLC)fst01423814</subfield></datafield><datafield ind1=" " ind2="7" tag="651"><subfield code="a">Georgia</subfield><subfield code="z">Atlanta.</subfield><subfield code="2">fast</subfield><subfield code="0">(OCoLC)fst01204627</subfield></datafield><datafield ind1=" " ind2="7" tag="651"><subfield code="a">Georgia</subfield><subfield code="z">Fulton County.</subfield><subfield code="2">fast</subfield><subfield code="0">(OCoLC)fst01211153</subfield></datafield><datafield ind1=" " ind2=" " tag="752"><subfield code="a">United States</subfield><subfield code="b">Georgia</subfield><subfield code="c">Fulton</subfield><subfield code="d">Atlanta.</subfield></datafield><datafield ind1="0" ind2=" " tag="775"><subfield code="t">Daily constitution (Atlanta, Ga.)</subfield><subfield code="w">(DLC)sn 83016861</subfield><subfield code="w">(OCoLC)10177773</subfield></datafield><datafield ind1="0" ind2="8" tag="776"><subfield code="i">Online version:</subfield><subfield code="t">Atlanta weekly constitution (Atlanta, Ga. : 1878 : Online)</subfield><subfield code="w">(DLC)  2010233931</subfield><subfield code="w">(OCoLC)612432604</subfield></datafield><datafield ind1="0" ind2="0" tag="780"><subfield code="t">Weekly constitution (Atlanta, Ga. : 1868)</subfield><subfield code="w">(DLC)sn 84031635</subfield><subfield code="w">(OCoLC)11192504</subfield></datafield><datafield ind1="0" ind2="0" tag="785"><subfield code="t">Weekly constitution (Atlanta, Ga. : 1881)</subfield><subfield code="w">(DLC)sn 89053705</subfield><subfield code="w">(OCoLC)20082417</subfield></datafield></record>